@article{dorigo2006ant,
  title={Ant colony optimization},
  author={Dorigo, Marco and Birattari, Mauro and Stutzle, Thomas},
  journal={IEEE computational intelligence magazine},
  volume={1},
  number={4},
  pages={28--39},
  year={2006},
  publisher={IEEE}
}

@article{colony2002guest,
  title={Guest editorial special section on ant colony optimization},
  author={COLONY, ANT},
  journal={IEEE Transactions on evolutionary computation},
  volume={6},
  number={4},
  pages={317},
  year={2002}
}

@book{papadimitriou1982combinatorial,
  title={Combinatorial optimization: algorithms and complexity},
  author={Papadimitriou, Christos H and Steiglitz, Kenneth},
  year={1982},
  publisher={Courier Corporation}
}
